<?xml version="1.0" encoding="UTF-8"?><collection xmlns="http://www.loc.gov/MARC21/slim"><record><leader>00450nam--2200145-i-4500</leader><controlfield tag="001">000020960</controlfield><controlfield tag="002">20161230</controlfield><controlfield tag="005">20170122214725</controlfield><controlfield tag="008">060222s1000------------r-----000-0-eng-d</controlfield><datafield ind1=" " ind2=" " tag="080"><subfield code="a">620.1(061.3)</subfield></datafield><datafield ind1=" " ind2=" " tag="245"><subfield code="a">Miniaturized specimens fokr testing of irradiated materials. IEA Int. Symposium Julich Germany 22-23 September 1994. Proceedings</subfield></datafield><datafield ind1=" " ind2=" " tag="260"><subfield code="a">Duren-Birkesdorf</subfield><subfield code="c">1995</subfield></datafield><datafield ind1=" " ind2=" " tag="700"><subfield code="a">Jung, Peter</subfield></datafield><datafield ind1=" " ind2=" " tag="852"><subfield code="a">80250</subfield></datafield><datafield ind1=" " ind2=" " tag="CAT"><subfield code="a">SYS</subfield><subfield code="c">20170122</subfield><subfield code="h">214725</subfield></datafield></record></collection>